<?xml version="1.0" encoding="UTF-8"?><record xmlns="http://www.loc.gov/MARC21/slim" xmlns:cinclude="http://apache.org/cocoon/include/1.0" xmlns:zs="http://www.loc.gov/zing/srw/">
  <leader>00379nz  a2200133n  4500</leader>
  <controlfield tag="001">no2013016434</controlfield>
  <controlfield tag="003">DLC</controlfield>
  <controlfield tag="005">20130215075237.0</controlfield>
  <controlfield tag="008">130213n| acannaabn          |n aaa     c</controlfield>
  <datafield tag="010" ind1=" " ind2=" ">
    <subfield code="a">no2013016434</subfield>
  </datafield>
  <datafield tag="035" ind1=" " ind2=" ">
    <subfield code="a">(OCoLC)oca09405256</subfield>
  </datafield>
  <datafield tag="040" ind1=" " ind2=" ">
    <subfield code="a">IChamL</subfield>
    <subfield code="b">eng</subfield>
    <subfield code="c">IChamL</subfield>
  </datafield>
  <datafield tag="100" ind1="1" ind2=" ">
    <subfield code="a">Scott, Brian Wade</subfield>
  </datafield>
  <datafield tag="670" ind1=" " ind2=" ">
    <subfield code="a">Understanding a bipolar child, c2011:</subfield>
    <subfield code="b">t.p. (illustrations by Brian Wade Scott)</subfield>
  </datafield>
</record>